@article{10.2118/119272-MS,
    author = {Dogru, Ali H. and Fung, Larry S. K. and Middya, Usuf and Al-Shaalan, Tareq M. and Pita, Jorge A. and HemanthKumar, K. and Su, H. J. and James, C. T. Tan and Hoy, H. and Dreiman, W. T. and Hahn, W. A. and Al-Harbi, R. and Al-Youbi, A. and Al-Zamel, N. M. and Mezghani, M. and Al-Mani, T.},
    title = "{A Next-Generation Parallel Reservoir Simulator for Giant Reservoirs}",
    series = {SPE Reservoir Simulation Conference},
    pages = {SPE-119272-MS},
    year = {2009},
    month = {02},
    doi = {10.2118/119272-MS},
    url = {https://doi.org/10.2118/119272-MS},
    eprint = {https://onepetro.org/spersc/article-pdf/09RSS/All-09RSS/SPE-119272-MS/2722712/spe-119272-ms.pdf},
}

@article{spe142297,
    author = {Dogru, Ali H. and Fung, Larry S. and Middya, Usuf  and Al-Shaalan, Tareq M. and Byer, Tom  and Hoy, H..  and Hahn, W. A. and Al-Zamel, Nabil  and Pita, J..  and Hemanthkumar, K..  and Mezghani, M..  and Al-Mana, Abdulrahman  and Tan, J..  and Dreiman, W..  and Fugl, A..  and Al-Baiz, Abdulaziz },
    title = "{New Frontiers in Large Scale Reservoir Simulation}",
    series = {SPE Reservoir Simulation Conference},
    pages = {SPE-142297-MS},
    year = {2011},
    month = {02},
    doi = {10.2118/142297-MS},
    url = {https://doi.org/10.2118/142297-MS},
    eprint = {https://onepetro.org/spersc/article-pdf/11RSS/All-11RSS/SPE-142297-MS/1695537/spe-142297-ms.pdf},
}

@article{spe19804,
    author = {Wheeler, John A. and Smith, Richard A.},
    title = "{Reservoir Simulation on a Hypercube}",
    journal = {SPE Reservoir Engineering},
    volume = {5},
    number = {04},
    pages = {544-548},
    year = {1990},
    month = {11},
    issn = {0885-9248},
    doi = {10.2118/19804-PA},
    url = {https://doi.org/10.2118/19804-PA},
    eprint = {https://onepetro.org/RE/article-pdf/5/04/544/2629212/spe-19804-pa.pdf},
}

@article{spe203918,
    author = {Middya, Usuf and Manea, Abdulrahman and Alhubail, Maitham and Ferguson, Todd and Byer, Thomas and Dogru, Ali},
    title = "{A Massively Parallel Reservoir Simulator on the GPU Architecture}",
    series = {SPE Reservoir Simulation Conference},
    pages = {D011S010R002},
    year = {2021},
    month = {10},
    doi = {10.2118/203918-MS},
    url = {https://doi.org/10.2118/203918-MS},
    eprint = {https://onepetro.org/spersc/article-pdf/21RSC/1-21RSC/D011S010R002/2517480/spe-203918-ms.pdf},
}

@phdthesis{Zhou_2012, title={Parallel General-Purpose Reservoir Simulation With Coupled Reservoir Models And Multisegment Wells.}, 
	author={Zhou, Yifan}, 
	year={2012}}

@article{spe75805,
    author = {Dogru, A. H. and Sunaidi, H. A. and Fung, L. S. and Habiballah, W. A. and Al-Zamel, N. and Li, K. G.},
    title = "{A Parallel Reservoir Simulator for Large-Scale Reservoir Simulation}",
    journal = {SPE Reservoir Evaluation \& Engineering},
    volume = {5},
    number = {01},
    pages = {11-23},
    year = {2002},
    month = {02},
    issn = {1094-6470},
    doi = {10.2118/75805-PA},
    url = {https://doi.org/10.2118/75805-PA},
    eprint = {https://onepetro.org/REE/article-pdf/5/01/11/2579832/spe-75805-pa.pdf},
}

@Article{a11120213,
AUTHOR = {Kang, Zhijiang and Deng, Ze and Han, Wei and Zhang, Dongmei},
TITLE = {Parallel Reservoir Simulation with OpenACC and Domain Decomposition},
JOURNAL = {Algorithms},
VOLUME = {11},
YEAR = {2018},
NUMBER = {12},
ARTICLE-NUMBER = {213},
URL = {https://www.mdpi.com/1999-4893/11/12/213},
ISSN = {1999-4893},
DOI = {10.3390/a11120213}
}


@article{10.2118/51884-MS,
    author = {Wheeler, Mary F. and Arbogast, Todd and Bryant, Steven and Eaton, Joe and Lu, Qin and Peszynska, Malgorzata and Yotov, Ivan},
    title = "{A Parallel Multiblock/Multidomain Approach for Reservoir Simulation}",
    series = {SPE Reservoir Simulation Conference},
    pages = {SPE-51884-MS},
    year = {1999},
    month = {02},
    doi = {10.2118/51884-MS},
    url = {https://doi.org/10.2118/51884-MS},
    eprint = {https://onepetro.org/spersc/proceedings-pdf/99RSS/All-99RSS/SPE-51884-MS/2993700/spe-51884-ms.pdf},
}

@article{spe93274,
    author = {DeBaun, D. and Byer, T. and Childs, P. and Chen, J. and Saaf, F. and Wells, M. and Liu, J. and Cao, H. and Pianelo, L. and Tilakraj, V. and Crumpton, P. and Walsh, D. and Yardumian, H. and Zorzynski, R. and Lim, K.-T. and Schrader, M. and Zapata, V. and Nolen, J. and Tchelepi, H.},
    title = "{An Extensible Architecture for Next Generation Scalable Parallel Reservoir Simulation}",
    series = {SPE Reservoir Simulation Conference},
    pages = {SPE-93274-MS},
    year = {2005},
    month = {01},
    doi = {10.2118/93274-MS},
    url = {https://doi.org/10.2118/93274-MS},
    eprint = {https://onepetro.org/spersc/proceedings-pdf/05RSS/All-05RSS/SPE-93274-MS/2862950/spe-93274-ms.pdf},
}

@article{spe11483,
   author = {Kendall, R.P. and Morrell, G.O. and Peaceman, D.W. and Silliman, W.J. and Watts, J.W.},
   title = "{Development of a Multiple Application Reservoir Simulator for Use on a Vector Computer}",
   series = {SPE Middle East Oil and Gas Show and Conference},
   pages = {SPE-11483-MS},
   year = {1983},
   month = {03},
   doi = {10.2118/11483-MS},
   url = {https://doi.org/10.2118/11483-MS},
   eprint = {https://onepetro.org/SPEMEOS/proceedings-pdf/83ME/All-83ME/SPE-11483-MS/2035795/spe-11483-ms.pdf},
}

@article{10.2118/38441-MS,
    author = {Watts, J. W.},
    title = "{Reservoir Simulation: Past, Present, and Future}",
    series = {SPE Reservoir Simulation Conference},
    pages = {SPE-38441-MS},
    year = {1997},
    month = {06},
    doi = {10.2118/38441-MS},
    url = {https://doi.org/10.2118/38441-MS},
    eprint = {https://onepetro.org/spersc/proceedings-pdf/97RSS/All-97RSS/SPE-38441-MS/2432124/spe-38441-ms.pdf},
}

@manual{ecl-manual,
	title="{Schlumberger. 2014b. ECLIPSE Reservoir Simulation Software: Technical Description. 2014.1 edn. Schlumberger.}",
	year={2014},
}

@article{spe51886,
    author = {Dogru, A. H. and Li, K. G. and Sunaidi, H. A. and Habiballah, W. A. and Fung, L. and Al-Zamil, N. and Shin, D. and McDonald, A. E. and Srivastava, N. K.},
    title = "{A Massively Parallel Reservoir Simulator for Large Scale Reservoir Simulation}",
    series = {SPE Reservoir Simulation Conference},
    pages = {SPE-51886-MS},
    year = {1999},
    month = {02},
    doi = {10.2118/51886-MS},
    url = {https://doi.org/10.2118/51886-MS},
    eprint = {https://onepetro.org/spersc/proceedings-pdf/99RSS/All-99RSS/SPE-51886-MS/2994380/spe-51886-ms.pdf},
}


@article{spe10521,
    author = {Killough, J.E. and Levesque, J.M.},
    title = "{Reservoir Simulation and the In-house Vector Processor: Experience for the First Year}",
    series = {SPE Reservoir Simulation Conference},
    pages = {SPE-10521-MS},
    year = {1982},
    month = {01},
    doi = {10.2118/10521-MS},
    url = {https://doi.org/10.2118/10521-MS},
    eprint = {https://onepetro.org/spersc/proceedings-pdf/82RSS/All-82RSS/SPE-10521-MS/2045567/spe-10521-ms.pdf},
}

@article{spe16020,
    author = {Scott, S. L. and Wainwright, R. L. and Raghavan, R. and Demuth, H.},
    title = "{Application of Parallel (MIMD) Computers to Reservoir Simulation}",
    series = {SPE Reservoir Simulation Conference},
    pages = {SPE-16020-MS},
    year = {1987},
    month = {02},
    doi = {10.2118/16020-MS},
    url = {https://doi.org/10.2118/16020-MS},
    eprint = {https://onepetro.org/spersc/proceedings-pdf/87RS/All-87RS/SPE-16020-MS/3235331/spe-16020-ms.pdf},
}

@book{rz, 
	place={Shelter Island (N.Y.)}, 
	title={Parallel and High Performance Computing}, 
	publisher={Manning Publications}, 
	author={Robey, Robert and Zamora, Yuliana}, 
	year={2021}} 

@article{duchark, 
	title={Experiences with the Intel hypercube}, 
	DOI={10.1145/800239.807163}, 
	journal={Proceedings of the 1986 workshop on Applied computing\&nbsp; - SAC â€™86}, 
	author={Ouchark, William J. and Davis, Jay A. and Lakshmivarahan, S. and Dhall, Sudarshan K.}, 
	year={1986}}

@article{spe7675,
    author = {Nolen, James S. and Kuba, D. W. and Kascic, M. J., Jr.},
    title = "{Application of Vector Processors To Solve Finite Difference Equations}",
    journal = {Society of Petroleum Engineers Journal},
    volume = {21},
    number = {04},
    pages = {447-453},
    year = {1981},
    month = {08},
    doi = {10.2118/7675-PA},
    url = {https://doi.org/10.2118/7675-PA},
    eprint = {https://onepetro.org/spejournal/article-pdf/21/04/447/2653637/spe-7675-pa.pdf},
}

@proceedings{spe9644,
   author = {Nolen, James S. and Stanat, Patricia L.},
   title = "{Reservoir Simulation On Vector Processing Computers}",
   series = {SPE Middle East Oil and Gas Show and Conference},
   pages = {SPE-9644-MS},
   year = {1981},
   month = {03},
   doi = {10.2118/9644-MS},
   url = {https://doi.org/10.2118/9644-MS},
   eprint = {https://onepetro.org/SPEMEOS/proceedings-pdf/81ME/All-81ME/SPE-9644-MS/2048243/spe-9644-ms.pdf},
}

@article{spe8330,
    author = {Mrosovsky, I. and Wong, J.Y. and Lampe, H.W.},
    title = "{Construction of a Large Field Simulator on a Vector Computer}",
    journal = {Journal of Petroleum Technology},
    volume = {32},
    number = {12},
    pages = {8330-2264},
    year = {1980},
    month = {12},
    issn = {0149-2136},
    doi = {10.2118/8330-PA},
    url = {https://doi.org/10.2118/8330-PA},
    eprint = {https://onepetro.org/JPT/article-pdf/32/12/8330/2227438/spe-8330-pa.pdf},
}

@article{spe6830,
    author = {Killough, J.E. and Bhogeswara, Rao and Rame, Marcelo},
    title = "{Massively Parallel Processing and Reservoir Simulation: Current Status and a Look at the Future}",
    series = {OTC Offshore Technology Conference},
    pages = {OTC-6830-MS},
    year = {1992},
    month = {05},
    doi = {10.4043/6830-MS},
    url = {https://doi.org/10.4043/6830-MS},
    eprint = {https://onepetro.org/OTCONF/proceedings-pdf/92OTC/All-92OTC/OTC-6830-MS/1987099/otc-6830-ms.pdf},
}

@article{spe16025,
    author = {Chien, M. C. H. and Wasserman, M. L. and Yardumian, H. E. and Chung, E. Y. and Nguyen, T. and Larson, J.},
    title = "{The Use of Vectorization and Parallel Processing for Reservoir Simulation}",
    series = {SPE Reservoir Simulation Conference},
    pages = {SPE-16025-MS},
    year = {1987},
    month = {02},
    doi = {10.2118/16025-MS},
    url = {https://doi.org/10.2118/16025-MS},
    eprint = {https://onepetro.org/spersc/proceedings-pdf/87RS/All-87RS/SPE-16025-MS/3235171/spe-16025-ms.pdf},
}

@article{spe29856,
    author = {Li, K. G. and Dogru, A. H. and McDonald, A. E. and Merchant, A. R. and Al-Mulhem, A. A. and Al-Ruwaili, S. B. and Sobh, N. A. and Al-Sunaidi, H. A.},
    title = "{Improving the Performance of MARS Reservoir Simulator on Cray-2 Supercomputer}",
    series = {SPE Middle East Oil and Gas Show and Conference},
    pages = {SPE-29856-MS},
    year = {1995},
    month = {03},
    doi = {10.2118/29856-MS},
    url = {https://doi.org/10.2118/29856-MS},
    eprint = {https://onepetro.org/SPEMEOS/proceedings-pdf/95MEOS/All-95MEOS/SPE-29856-MS/3126856/spe-29856-ms.pdf},
}

@article{spe25241,
    author = {Li, K-M. G.},
    title = "{A Linear Equation Solver for Massively Parallel Computers}",
    series = {SPE Reservoir Simulation Conference},
    pages = {SPE-25241-MS},
    year = {1993},
    month = {02},
    doi = {10.2118/25241-MS},
    url = {https://doi.org/10.2118/25241-MS},
    eprint = {https://onepetro.org/spersc/proceedings-pdf/93RSS/All-93RSS/SPE-25241-MS/3156219/spe-25241-ms.pdf},
}

@article{spe21209,
    author = {Wallis, J. R. and Foster, J. A. and Kendall, R. P.},
    title = "{A New Parallel Iterative Linear Solution Method for Large-Scale Reservoir Simulation}",
    series = {SPE Reservoir Simulation Conference},
    pages = {SPE-21209-MS},
    year = {1991},
    month = {02},
    doi = {10.2118/21209-MS},
    url = {https://doi.org/10.2118/21209-MS},
    eprint = {https://onepetro.org/spersc/proceedings-pdf/91RSS/All-91RSS/SPE-21209-MS/3196845/spe-21209-ms.pdf},
}

@article{spe25258,
    author = {Chien, M. C. H. and Northrup, E. J.},
    title = "{Vectorization and Parallel Processing of Local Grid Refinement and Adaptive Implicit Schemes in a General Purpose Reservoir Simulator}",
    series = {SPE Reservoir Simulation Conference},
    pages = {SPE-25258-MS},
    year = {1993},
    month = {02},
    doi = {10.2118/25258-MS},
    url = {https://doi.org/10.2118/25258-MS},
    eprint = {https://onepetro.org/spersc/proceedings-pdf/93RSS/All-93RSS/SPE-25258-MS/3157243/spe-25258-ms.pdf},
}

@article{spe19121,
    author = {Mayer, D. F.},
    title = "{Application of Reservoir Simulation Models to a New Parallel Computing System}",
    series = {SPE Petroleum Computer Conference},
    pages = {SPE-19121-MS},
    year = {1989},
    month = {06},
    doi = {10.2118/19121-MS},
    url = {https://doi.org/10.2118/19121-MS},
    eprint = {https://onepetro.org/SPEPCC/proceedings-pdf/89PCC/All-89PCC/SPE-19121-MS/3216597/spe-19121-ms.pdf},
}

@article{spe21213,
    author = {Rutledge, J. M. and Jones, D. R. and Chen, W. H. and Chung, E. Y.},
    title = "{Use of a Massively Parallel SIMD Computer for Reservoir Simulation}",
    journal = {SPE Computer Applications},
    volume = {4},
    number = {04},
    pages = {16-21},
    year = {1992},
    month = {08},
    issn = {1064-9778},
    doi = {10.2118/21213-PA},
    url = {https://doi.org/10.2118/21213-PA},
    eprint = {https://onepetro.org/CA/article-pdf/4/04/16/2639330/spe-21213-pa.pdf},
}
@article{spe51969,
    author = {Shiralkar, G. S. and Stephenson, R. E. and Joubert, Wayne and Lubeck, Olaf and van Bloemen Waanders, Bart},
    title = "{Falcon: A Production Quality Distributed Memory Reservoir Simulator}",
    journal = {SPE Reservoir Evaluation \& Engineering},
    volume = {1},
    number = {05},
    pages = {400-407},
    year = {1998},
    month = {10},
    issn = {1094-6470},
    doi = {10.2118/51969-PA},
    url = {https://doi.org/10.2118/51969-PA},
    eprint = {https://onepetro.org/REE/article-pdf/1/05/400/2596345/spe-51969-pa.pdf},
}

@article{spe29139,
    author = {Kaarstad, Terje and FrÃ¸yen, Johnny and BjÃ¸rstad, Petter and Espedal, Magne},
    title = "{A Massively Parallel Reservoir Simulator}",
    series = {SPE Reservoir Simulation Conference},
    pages = {SPE-29139-MS},
    year = {1995},
    month = {02},
    doi = {10.2118/29139-MS},
    url = {https://doi.org/10.2118/29139-MS},
    eprint = {https://onepetro.org/spersc/proceedings-pdf/95RSS/All-95RSS/SPE-29139-MS/3130368/spe-29139-ms.pdf},
}

@article{spe119272,
    author = {Dogru, Ali H. and Fung, Larry S. K. and Middya, Usuf and Al-Shaalan, Tareq M. and Pita, Jorge A. and HemanthKumar, K. and Su, H. J. and James, C. T. Tan and Hoy, H. and Dreiman, W. T. and Hahn, W. A. and Al-Harbi, R. and Al-Youbi, A. and Al-Zamel, N. M. and Mezghani, M. and Al-Mani, T.},
    title = "{A Next-Generation Parallel Reservoir Simulator for Giant Reservoirs}",
    series = {SPE Reservoir Simulation Conference},
    pages = {SPE-119272-MS},
    year = {2009},
    month = {02},
    doi = {10.2118/119272-MS},
    url = {https://doi.org/10.2118/119272-MS},
    eprint = {https://onepetro.org/spersc/proceedings-pdf/09RSS/All-09RSS/SPE-119272-MS/2722712/spe-119272-ms.pdf},
}

@article{spe21208,
    author = {Killough, J.E. and Bhogeswara, Rao},
    title = "{Simulation of Compositional Reservoir Phenomena on a Distributed-Memory Parallel Computer}",
    journal = {Journal of Petroleum Technology},
    volume = {43},
    number = {11},
    pages = {1368-1374},
    year = {1991},
    month = {11},
    issn = {0149-2136},
    doi = {10.2118/21208-PA},
    url = {https://doi.org/10.2118/21208-PA},
    eprint = {https://onepetro.org/JPT/article-pdf/43/11/1368/2222448/spe-21208-pa.pdf},
}

@online{johansen,  
	title={The Johansen Data Set},  
	url={https://www.sintef.no/projectweb/matmora/downloads/johansen/} }

@article{spe141265,
    author = {Klie, Hector  and Sudan, Hari  and Li, Ruipeng  and Saad, Yousef },
    title = "{Exploiting Capabilities of Many Core Platforms in Reservoir Simulation}",
    series = {SPE Reservoir Simulation Conference},
    pages = {SPE-141265-MS},
    year = {2011},
    month = {02},
    doi = {10.2118/141265-MS},
    url = {https://doi.org/10.2118/141265-MS},
    eprint = {https://onepetro.org/spersc/proceedings-pdf/11RSS/All-11RSS/SPE-141265-MS/1692639/spe-141265-ms.pdf},
}

@article{spe141402,
    author = {Appleyard, John R. and Appleyard, Jeremy D. and Wakefield, Mark A. and Desitter, Arnaud L.},
    title = "{Accelerating Reservoir Simulators using GPU Technology}",
    series = {SPE Reservoir Simulation Conference},
    pages = {SPE-141402-MS},
    year = {2011},
    month = {02},
    doi = {10.2118/141402-MS},
    url = {https://doi.org/10.2118/141402-MS},
    eprint = {https://onepetro.org/spersc/proceedings-pdf/11RSS/All-11RSS/SPE-141402-MS/1692933/spe-141402-ms.pdf},
}

@article{spe12264,
    author = {Appleyard, J.R. and Cheshire, I.M},
    title = "{Nested Factorization}",
    series = {SPE Reservoir Simulation Conference},
    pages = {SPE-12264-MS},
    year = {1983},
    month = {11},
    doi = {10.2118/12264-MS},
    url = {https://doi.org/10.2118/12264-MS},
    eprint = {https://onepetro.org/spersc/proceedings-pdf/83RS/All-83RS/SPE-12264-MS/2037309/spe-12264-ms.pdf},
}
@article{spe163591,
   author = {Fung, Larry S.K. and Sindi, Mohammad O. and Dogru, Ali H.},
   title = "{Multiparadigm Parallel Acceleration for Reservoir Simulation}",
   journal = {SPE Journal},
   volume = {19},
   number = {04},
   pages = {716-725},
   year = {2014},
   month = {01},
   issn = {1086-055X},
   doi = {10.2118/163591-PA},
   url = {https://doi.org/10.2118/163591-PA},
   eprint = {https://onepetro.org/SJ/article-pdf/19/04/716/2100327/spe-163591-pa.pdf},
}
